%-------------------------------------------------------------------------------
% Literature
%-------------------------------------------------------------------------------

@misc{ipa,
  author       = {International Phonetic Association},
  title        = {The International Phonetic Alphabet and the IPA Chart},
  url          = {https://www.internationalphoneticassociation.org/content/ipa-chart},
  urldate      = {2024-10-17},
  year         = {2018},
  organization = {International Phonetic Association},
  keywords     = {lit}
}

@misc{nw_demo,
  author       = {Grant, Berry J.},
  title        = {Interactive demo for Needleman–Wunsch algorithm},
  url          = {https://bioboot.github.io/bimm143_W20/class-material/nw/},
  urldate      = {2024-12-05},
  organization = {Global Alignment App},
  keywords     = {lit}
}

@article{nw,
  title    = {A general method applicable to the search for similarities in the amino acid sequence of two proteins},
  journal  = {Journal of Molecular Biology},
  volume   = {48},
  number   = {3},
  pages    = {443-453},
  year     = {1970},
  issn     = {0022-2836},
  doi      = {https://doi.org/10.1016/0022-2836(70)90057-4},
  url      = {https://www.sciencedirect.com/science/article/pii/0022283670900574},
  author   = {Saul B. Needleman and Christian D. Wunsch},
  keywords = {lit}
}

@book{dp,
  author    = {Bellman, Richard Ernest},
  month     = {03},
  publisher = {Dover},
  title     = {Dynamic programming},
  year      = {2003},
  keywords  = {lit}
}

@book{foster,
  author    = {Foster, Ian},
  publisher = {Addison-Wesley},
  title     = {Designing and building parallel programs : concepts and tools for parallel software engineering},
  url       = {https://edoras.sdsu.edu/~mthomas/docs/foster/Foster_Designing_and_Building_Parallel_Programs.pdf},
  urldate   = {2025-01-15},
  year      = {1995},
  keywords  = {lit}
}

@article{yifanhu,
  title    = {Efficient, High-Quality Force-Directed Graph Drawing},
  author   = {Yifan Hu},
  journal  = {The Mathematica journal},
  year     = {2006},
  volume   = {10},
  pages    = {37-71},
  url      = {http://yifanhu.net/PUB/graph_draw_small.pdf},
  keywords = {lit}
}

@article{louvain,
  title     = {Fast unfolding of communities in large networks},
  volume    = {2008},
  issn      = {1742-5468},
  url       = {http://dx.doi.org/10.1088/1742-5468/2008/10/P10008},
  doi       = {10.1088/1742-5468/2008/10/p10008},
  number    = {10},
  journal   = {Journal of Statistical Mechanics: Theory and Experiment},
  publisher = {IOP Publishing},
  author    = {Blondel, Vincent D and Guillaume, Jean-Loup and Lambiotte, Renaud and Lefebvre, Etienne},
  year      = {2008},
  month     = oct,
  pages     = {P10008},
  keywords  = {lit}
}


%-------------------------------------------------------------------------------
% Data
%-------------------------------------------------------------------------------

@misc{data_french_words,
  author       = {frodonh},
  title        = {List of French words, partial POS-tagging and relative frequency},
  url          = {https://github.com/frodonh/french-words},
  urldate      = {2024-11-18},
  year         = {2020},
  organization = {french-words},
  keywords     = {data}
}

@misc{data_french_csv,
  author       = {Hussem Ben Belgacem},
  title        = {CSV files containing all french adjectives, adverbs, conjunctions, determiners, nouns, prepositions, pronouns, verbs and their gender, types and conjugations},
  url          = {https://github.com/hbenbel/French-Dictionary},
  urldate      = {2024-11-18},
  year         = {2023},
  organization = {French-Dictionary},
  keywords     = {data}
}

@misc{data_pronunciation,
  author       = {Daniel Wolf},
  title        = {Pronunciation dictionaries for several languages, based on Wiktionary data},
  url          = {https://github.com/DanielSWolf/wiki-pronunciation-dict},
  urldate      = {2024-11-20},
  year         = {2021},
  organization = {wiki-pronunciation-dict},
  keywords     = {data}
}

@misc{data_lexique,
  author       = {New, Boris and Pallier, Christophe},
  title        = {Lexique 3.83},
  url          = {http://www.lexique.org/},
  urldate      = {2024-11-18},
  organization = {Lexique},
  keywords     = {data}
}

@misc{data_dela,
  author       = {Constant, Matthieu},
  publisher    = {Laboratoire d'Informatique Gaspard-Monge},
  title        = {Téléchargement des dictionnaires DELA},
  url          = {https://infolingu.univ-mlv.fr/DonneesLinguistiques/Dictionnaires/telechargement.html},
  urldate      = {2025-02-19},
  organization = {Linguistique pour le traitement des langues},
  keywords     = {data}
}

@paper{tools_gephi,
  author     = {Mathieu Bastian and Sebastien Heymann and Mathieu Jacomy},
  title      = {Gephi: An Open Source Software for Exploring and Manipulating Networks},
  conference = {International AAAI Conference on Weblogs and Social Media},
  year       = {2009},
  url        = {http://www.aaai.org/ocs/index.php/ICWSM/09/paper/view/154},
  keywords   = {data}
}
