@misc{data_french_words,
  author       = {frodonh},
  title        = {List of French words, partial POS-tagging and relative frequency},
  url          = {https://github.com/frodonh/french-words},
  urldate      = {2024-11-18},
  year         = {2020},
  organization = {french-words},
  keywords     = {data}
}

@misc{data_french_csv,
  author       = {Hussem Ben Belgacem},
  title        = {CSV files containing all french adjectives, adverbs, conjunctions, determiners, nouns, prepositions, pronouns, verbs and their gender, types and conjugations},
  url          = {https://github.com/hbenbel/French-Dictionary},
  urldate      = {2024-11-18},
  year         = {2023},
  organization = {French-Dictionary},
  keywords     = {data}
}

@misc{data_pronunciation,
  author       = {Daniel Wolf},
  title        = {Pronunciation dictionaries for several languages, based on Wiktionary data},
  url          = {https://github.com/DanielSWolf/wiki-pronunciation-dict},
  urldate      = {2024-11-20},
  year         = {2021},
  organization = {wiki-pronunciation-dict},
  keywords     = {data}
}

@misc{data_lexique,
  author       = {New, Boris and Pallier, Christophe},
  title        = {Lexique 3.83},
  url          = {http://www.lexique.org/},
  urldate      = {2024-11-18},
  organization = {Lexique},
  keywords     = {data}
}

@misc{data_dela,
  author       = {Constant, Matthieu},
  publisher    = {Laboratoire d'Informatique Gaspard-Monge},
  title        = {Téléchargement des dictionnaires DELA},
  url          = {https://infolingu.univ-mlv.fr/DonneesLinguistiques/Dictionnaires/telechargement.html},
  urldate      = {2025-02-19},
  organization = {Linguistique pour le traitement des langues},
  keywords     = {data}
}

@paper{tools_gephi,
  author     = {Mathieu Bastian and Sebastien Heymann and Mathieu Jacomy},
  title      = {Gephi: An Open Source Software for Exploring and Manipulating Networks},
  conference = {International AAAI Conference on Weblogs and Social Media},
  year       = {2009},
  url        = {http://www.aaai.org/ocs/index.php/ICWSM/09/paper/view/154},
  keywords   = {data}
}
