@misc{ipa,
  author       = {International Phonetic Association},
  title        = {The International Phonetic Alphabet and the IPA Chart},
  url          = {https://www.internationalphoneticassociation.org/content/ipa-chart},
  urldate      = {2024-10-17},
  year         = {2018},
  organization = {International Phonetic Association},
  keywords     = {lit}
}

@article{louvain,
  title     = {Fast unfolding of communities in large networks},
  volume    = {2008},
  issn      = {1742-5468},
  url       = {http://dx.doi.org/10.1088/1742-5468/2008/10/P10008},
  doi       = {10.1088/1742-5468/2008/10/p10008},
  number    = {10},
  journal   = {Journal of Statistical Mechanics: Theory and Experiment},
  publisher = {IOP Publishing},
  author    = {Blondel, Vincent D and Guillaume, Jean-Loup and Lambiotte, Renaud and Lefebvre, Etienne},
  year      = {2008},
  month     = oct,
  pages     = {P10008},
  keywords  = {lit}
}

@misc{nw_demo,
  author       = {Grant, Berry J.},
  title        = {Interactive demo for Needlemanâ€“Wunsch algorithm},
  url          = {https://bioboot.github.io/bimm143_W20/class-material/nw/},
  urldate      = {2024-12-05},
  organization = {Global Alignment App},
  keywords     = {lit}
}

@article{nw,
  title    = {A general method applicable to the search for similarities in the amino acid sequence of two proteins},
  journal  = {Journal of Molecular Biology},
  volume   = {48},
  number   = {3},
  pages    = {443-453},
  year     = {1970},
  issn     = {0022-2836},
  doi      = {https://doi.org/10.1016/0022-2836(70)90057-4},
  url      = {https://www.sciencedirect.com/science/article/pii/0022283670900574},
  author   = {Saul B. Needleman and Christian D. Wunsch},
  keywords = {lit}
}

@book{dp,
  author    = {Bellman, Richard Ernest},
  month     = {03},
  publisher = {Dover},
  title     = {Dynamic programming},
  year      = {2003},
  keywords  = {lit}
}
